%%%%%%%%%%%%%%%%%%%%%%%%%%%%%%%%%%%%%%%%%%%%%%%%%%%%%%%%%%%%%%%%%%%%%%%%%
%%
%W  grpconst.bib          GrpConst documentation             Bettina Eick
%%

@article{BE99,
author        = "Hans Ulrich Besche and Bettina Eick",
title         = "Construction of finite groups",
journal       = "J. Symb. Comput.",
volume        = "27",
pages         = "387 -- 404",
year          = "1999"
}

@article{BE1000,
author        = "Hans Ulrich Besche and Bettina Eick",
title         = "The groups of order at most 1000 except 512 and 768",
journal       = "J. Symb. Comput.",
volume        = "27",
pages         = "405 -- 413",
year          = "1999"
}

@phdthesis{Neu67,
author       = "Joachim Neub{\accent127 u}ser",
title        = "Die {U}ntergruppenverb{\accent127 a}nde der {Gruppen} der
                {Ordnungen} $\leq 100$ mit {Ausnahme} der {Ordnungen} 64 
                und 96",
type         = "Habilitationsschrift",
year         = "1967",
school       =  "Universit{\accent127 a}t Kiel",
notes        = "PAGES: 370",
}

@book{Lau82,
author       = "Reinhard Laue",
title        = "Zur {Konstruktion} und {Klassifikation} endlicher
                aufl{\accent127 o}sbarer {Gruppen}",
series       = "Bayreuther Mathematische Schriften",
volume       = "9",
year         = "1982",
notes        = "PAGES: ii + 304, 1 correction sheet,
                Earlier version: Habilitationsschrift, RWTH Aachen, 1980",
}

@book{HS64,
author       = "Hall, Jr., Marshall and
                James~K. Senior",
title        = "The Groups of Order $2^n$ ($n \le 6$)",
year         = "1964",
publisher    = "Macmillan Company",
}

@phdthesis{OBr88,
  author = "Eamonn A. O'Brien",
  title  = "The groups of order dividing $256$",
  school = "Australian National University",
  year   = "1988",
  }

@article{OBr90,
  author = "Eamonn A. O'Brien",
  title  = "The $p$-group generation algorithm",
  journal = "J. Symb. Comput.",
  volume  = "9",
  pages  = "677 -- 698",
  year = "1990",
  }

